@book{tajfel2010social,
	title={Social identity and intergroup relations},
	author={Tajfel, Henri},
	year={2010},
	publisher={Cambridge University Press}
}

@inproceedings{holstius2004infotropism,
	title={Infotropism: living and robotic plants as interactive displays},
	author={Holstius, David and Kembel, John and Hurst, Amy and Wan, Peng-Hui and Forlizzi, Jodi},
	booktitle={Proceedings of the 5th conference on Designing interactive systems: processes, practices, methods, and techniques},
	pages={215--221},
	year={2004},
	organization={ACM}
}

@inproceedings{mccalley1998computer,
	title={Computer based systems in household appliances: the study of eco-feedback as a tool for increasing conservation behavior},
	author={McCalley, LT and Midden, GJH},
	booktitle={Computer Human Interaction, 1998. Proceedings. 3rd Asia Pacific},
	pages={344--349},
	year={1998},
	organization={IEEE}
}

@article{fogg2002persuasive,
	title={Persuasive technology: using computers to change what we think and do},
	author={Fogg, Brian J},
	journal={Ubiquity},
	volume={2002},
	number={December},
	pages={5},
	year={2002},
	publisher={ACM}
}

@inproceedings{lester2006practical,
	title={A practical approach to recognizing physical activities},
	author={Lester, Jonathan and Choudhury, Tanzeem and Borriello, Gaetano},
	booktitle={International conference on pervasive computing},
	pages={1--16},
	year={2006},
	organization={Springer}
}

@article{kollmuss2002mind,
	title={Mind the gap: why do people act environmentally and what are the barriers to pro-environmental behavior?},
	author={Kollmuss, Anja and Agyeman, Julian},
	journal={Environmental education research},
	volume={8},
	number={3},
	pages={239--260},
	year={2002},
	publisher={Taylor \& Francis}
}

@inproceedings{froehlich2010design,
	title={The design of eco-feedback technology},
	author={Froehlich, Jon and Findlater, Leah and Landay, James},
	booktitle={Proceedings of the SIGCHI conference on human factors in computing systems},
	pages={1999--2008},
	year={2010},
	organization={ACM}
}

@article{kinzie2002user,
	title={A user-centered model for web site design: needs assessment, user interface design, and rapid prototyping},
	author={Kinzie, Mable B and Cohn, Wendy F and Julian, Marti F and Knaus, William A},
	journal={Journal of the American medical informatics association},
	volume={9},
	number={4},
	pages={320--330},
	year={2002},
	publisher={BMJ Group BMA House, Tavistock Square, London, WC1H 9JR}
}

@article{eladhari2012design,
	title={Design for research results: experimental prototyping and play testing},
	author={Eladhari, Mirjam P and Ollila, Elina MI},
	journal={Simulation \& Gaming},
	volume={43},
	number={3},
	pages={391--412},
	year={2012},
	publisher={SAGE Publications Sage CA: Los Angeles, CA}
}

@inproceedings{grady2000web,
	title={Web site design: a case study in usability testing using paper prototypes},
	author={Grady, Helen M},
	booktitle={Proceedings of IEEE professional communication society international professional communication conference and Proceedings of the 18th annual ACM international conference on Computer documentation: technology \& teamwork},
	pages={39--45},
	year={2000},
	organization={IEEE Educational Activities Department}
}

@inproceedings{lim2006comparative,
	title={Comparative analysis of high-and low-fidelity prototypes for more valid usability evaluations of mobile devices},
	author={Lim, Youn-kyung and Pangam, Apurva and Periyasami, Subashini and Aneja, Shweta},
	booktitle={Proceedings of the 4th Nordic conference on Human-computer interaction: changing roles},
	pages={291--300},
	year={2006},
	organization={ACM}
}

@inproceedings{virzi1996usability,
	title={Usability problem identification using both low-and high-fidelity prototypes},
	author={Virzi, Robert A and Sokolov, Jeffrey L and Karis, Demetrios},
	booktitle={Proceedings of the SIGCHI Conference on Human Factors in Computing Systems},
	pages={236--243},
	year={1996},
	organization={ACM}
}

@incollection{maguire2002user,
	title={User requirements analysis},
	author={Maguire, Martin and Bevan, Nigel},
	booktitle={Usability},
	pages={133--148},
	year={2002},
	publisher={Springer}
}

@article{young2002recommended,
	title={Recommended requirements gathering practices},
	author={Young, Ralph R},
	journal={CROSSTALK The Journal of Defense Software Engineering},
	volume={15},
	number={4},
	pages={9--12},
	year={2002}
}

@book{jones1998estimating,
	title={Estimating software costs},
	author={Jones, T Capers},
	year={1998},
	publisher={McGraw-Hill, Inc.}
}

@article{sharma2013revisiting,
	title={Revisiting requirements elicitation techniques},
	author={Sharma, Shreta and Pandey, SK},
	journal={International Journal of Computer Applications},
	volume={75},
	number={12},
	year={2013},
	publisher={Foundation of Computer Science}
}

@article{rudd1996low,
	title={Low vs. high-fidelity prototyping debate},
	author={Rudd, Jim and Stern, Ken and Isensee, Scott},
	journal={interactions},
	volume={3},
	number={1},
	pages={76--85},
	year={1996},
	publisher={ACM}
}

@inproceedings{nielsen1990paper,
	title={Paper versus computer implementations as mockup scenarios for heuristic evaluation},
	author={Nielsen, Jakob},
	booktitle={Proceedings of the IFIP Tc13 Third interational Conference on Human-Computer interaction},
	pages={315--320},
	year={1990},
	organization={North-Holland Publishing Co.}
}

@book{dumas1999practical,
	title={A practical guide to usability testing},
	author={Dumas, Joseph S and Dumas, Joseph S and Redish, Janice},
	year={1999},
	publisher={Intellect books}
}

@article{snyder1996using,
	title={Using paper prototypes to manage risk},
	author={Snyder, Carolyn},
	journal={Software Design and Publisher Magazine},
	year={1996}
}

@article{still2010blank,
	title={The blank-page technique: Reinvigorating paper prototyping in usability testing},
	author={Still, Brian and Morris, John},
	journal={IEEE Transactions on Professional Communication},
	volume={53},
	number={2},
	pages={144--157},
	year={2010},
	publisher={IEEE}
}

@book{wiegers2013software,
	title={Software requirements},
	author={Wiegers, Karl and Beatty, Joy},
	year={2013},
	publisher={Pearson Education}
}

@book{kotonya1998requirements,
	title={Requirements engineering: processes and techniques},
	author={Kotonya, Gerald and Sommerville, Ian},
	year={1998},
	publisher={Wiley Publishing}
}

@inproceedings{asur1993taxonomy,
	title={Taxonomy of rapid-prototyping methods and tools},
	author={Asur, Sujai and Hufnagel, Steve},
	booktitle={Rapid System Prototyping, 1993. Shortening the Path from Specification to Prototype. Proceedings., Fourth International Workshop on},
	pages={42--56},
	year={1993},
	organization={IEEE}
}

@misc{leffingwellmanaging,
	title={Managing software requirements: a unified approach. 2000},
	author={Leffingwell, Dean and Widrig, Don},
	publisher={Addison-Wesley Professional}
}

@article{hickey1998prototyping,
	title={Prototyping for requirements elicitation and validation: A participative prototype evaluation methodology},
	author={Hickey, Ann and Dean, Douglas},
	journal={AMCIS 1998 Proceedings},
	pages={268},
	year={1998}
}

@article{vijayan2011new,
	title={A new approach to requirements elicitation using paper prototype},
	author={Vijayan, Jaya and Raju, G},
	journal={International Journal of Advanced Science and Technology},
	volume={28},
	pages={9--16},
	year={2011}
}

@inproceedings{sefelin2003paper,
	title={Paper prototyping-what is it good for?: a comparison of paper-and computer-based low-fidelity prototyping},
	author={Sefelin, Reinhard and Tscheligi, Manfred and Giller, Verena},
	booktitle={CHI'03 extended abstracts on Human factors in computing systems},
	pages={778--779},
	year={2003},
	organization={ACM}
}

@article{moumane2016usability,
	title={Usability evaluation of mobile applications using ISO 9241 and ISO 25062 standards},
	author={Moumane, Karima and Idri, Ali and Abran, Alain},
	journal={SpringerPlus},
	volume={5},
	number={1},
	pages={548},
	year={2016},
	publisher={Springer}
}

@article{gafni2009usability,
	title={Usability issues in mobile-wireless information systems.},
	author={Gafni, Ruti},
	journal={Issues in Informing Science \& Information Technology},
	volume={6},
	year={2009}
}

@phdthesis{ryu2005development,
	title={Development of usability questionnaires for electronic mobile products and decision making methods},
	author={Ryu, Young Sam},
	year={2005},
	school={Virginia Tech}
}

@article{din19989241,
	title={9241-11. Ergonomic requirements for office work with visual display terminals (VDTs)--Part 11: Guidance on usability},
	author={Din, E},
	journal={International Organization for Standardization},
	year={1998}
}

@inproceedings{alharbi2015collect,
	title={Collect, decompile, extract, stats, and diff: Mining design pattern changes in Android apps},
	author={Alharbi, Khalid and Yeh, Tom},
	booktitle={Proceedings of the 17th International Conference on Human-Computer Interaction with Mobile Devices and Services},
	pages={515--524},
	year={2015},
	organization={ACM}
}

@inproceedings{kumar2013webzeitgeist,
	title={Webzeitgeist: design mining the web},
	author={Kumar, Ranjitha and Satyanarayan, Arvind and Torres, Cesar and Lim, Maxine and Ahmad, Salman and Klemmer, Scott R and Talton, Jerry O},
	booktitle={Proceedings of the SIGCHI Conference on Human Factors in Computing Systems},
	pages={3083--3092},
	year={2013},
	organization={ACM}
}

@inproceedings{jeon2008user,
	title={User segmentation \& UI optimization through mobile phone log analysis},
	author={Jeon, Myoung Hoon and Na, Dae Yol and Ahn, Jung Hee and Hong, Ji Young},
	booktitle={Proceedings of the 10th international conference on Human computer interaction with mobile devices and services},
	pages={495--496},
	year={2008},
	organization={ACM}
}

@book{bernard2010dynamic,
	title={Dynamic Prototyping with SketchFlow in Expression Blend: Sketch Your Ideas... And Bring Them to Life!, Portable Documents},
	author={Bernard, Chris and Summers, Sara},
	year={2010},
	publisher={Pearson Education}
}

@book{arnowitz2010effective,
	title={Effective prototyping for software makers},
	author={Arnowitz, Jonathan and Arent, Michael and Berger, Nevin},
	year={2010},
	publisher={Elsevier}
}


@article{williams2010exploratory,
	title={Exploratory factor analysis: A five-step guide for novices},
	author={Williams, Brett and Onsman, Andrys and Brown, Ted},
	journal={Australasian Journal of Paramedicine},
	volume={8},
	number={3},
	year={2010}
}

@book{tuffery2011data,
	title={Data mining and statistics for decision making},
	author={Tuff{\'e}ry, St{\'e}phane},
	volume={2},
	year={2011},
	publisher={Wiley Chichester}
}

@article{punj1983cluster,
	title={Cluster analysis in marketing research: Review and suggestions for application},
	author={Punj, Girish and Stewart, David W},
	journal={Journal of marketing research},
	pages={134--148},
	year={1983},
	publisher={JSTOR}
}

@inproceedings{fogarty2003gadget,
	title={GADGET: A toolkit for optimization-based approaches to interface and display generation},
	author={Fogarty, James and Hudson, Scott E},
	booktitle={Proceedings of the 16th annual ACM symposium on User interface software and technology},
	pages={125--134},
	year={2003},
	organization={ACM}
}

@inproceedings{gajos2008decision,
	title={Decision-Theoretic User Interface Generation.},
	author={Gajos, Krzysztof Z and Weld, Daniel S and Wobbrock, Jacob O},
	booktitle={AAAI},
	volume={8},
	pages={1532--1536},
	year={2008}
}


@article{bevan1998iso,
	title={ISO 9241: Ergonomic requirements for office work with visual display terminals (VDTs)-Part 11: Guidance on usability},
	author={Bevan, N},
	journal={TC},
	volume={159},
	year={1998}
}

@inproceedings{parreira2015role,
	title={The role of rdf stream processing in an smart city ict infrastructure-the aspern smart city use case},
	author={Parreira, Josiane Xavier and Dhungana, Deepak and Engelbrecht, Gerhard},
	booktitle={International Semantic Web Conference},
	pages={343--352},
	year={2015},
	organization={Springer}
}


@inproceedings{mohammadmoradi2017effectiveness,
	title={Effectiveness of a task-based residential energy efficiency program in Oahu},
	author={Mohammadmoradi, Hessam and Gnawali, Omprakash and Moss, David and Boelzle, Rainer and Wang, Gene},
	booktitle={2017 Sustainable Internet and ICT for Sustainability (SustainIT)},
	pages={1--8},
	year={2017},
	organization={IEEE}
}

@inproceedings{Bjorn1165339,
	author = {Bj{\"o}rn, Hedin and Lundstr{\"o}m, Anton and Westlund, Magnus and Markstr{\"o}m, Erik},
	booktitle = {The Fifth IFIP Conference on Sustainable Internet and ICT for Sustainability, Funchal, Portugal,  December  6-7, 2017 : },
	institution = {KTH, Media Technology and Interaction Design, MID},
	note = {QC 20171218},
	title = {The Energy Piggy Bank - A Serious Game for Energy Conservation},
	keywords = {Serious games, gamification, energy conservation, energy efficiency, behavior change, Bartle Player Type},
	URL = {https://sustainit2017.m-iti.org/},
	year = {2017}
}



@article{Turing1936,
  title={On computable numbers, with an application to the Entscheidungsproblem},
  author={Turing, Alan Mathison},
  journal={J. of Math},
  volume={58},
  pages={345--363},
  year={1936}
}

@article{lancaster2004paper,
	title={Paper prototyping: the fast and easy way to design and refine user interfaces},
	author={Lancaster, A},
	journal={IEEE Transactions on Professional Communication},
	volume={47},
	number={4},
	pages={335--336},
	year={2004},
	publisher={IEEE}
}

@book{snyder2003paper,
	title={Paper prototyping: The fast and easy way to design and refine user interfaces},
	author={Snyder, Carolyn},
	year={2003},
	publisher={Morgan Kaufmann}
}

@electronic{studienplan2013Online,
	title = {Studienplan (curriculum) für das Masterstudium business informatics an der Technischen Universität Wien},
	year = {2013},
	howpublished = {\url{http://www.informatik.tuwien.ac.at/studium/angebot/studienplaene/wirtschaftsinformatik/MasterstudienplanWinfOktober2013.pdf}},
	note = {Accessed: 2017-11-03}
	
}

@inproceedings{deka2016data,
	title={Data-driven Mobile App Design},
	author={Deka, Biplab},
	booktitle={Proceedings of the 29th Annual Symposium on User Interface Software and Technology},
	pages={21--24},
	year={2016},
	organization={ACM}
}

@article{zhang2005challenges,
	title={Challenges, methodologies, and issues in the usability testing of mobile applications},
	author={Zhang, Dongsong and Adipat, Boonlit},
	journal={International journal of human-computer interaction},
	volume={18},
	number={3},
	pages={293--308},
	year={2005},
	publisher={Taylor \& Francis}
}

@article{oinas2009persuasive,
	title={Persuasive systems design: Key issues, process model, and system features},
	author={Oinas-Kukkonen, Harri and Harjumaa, Marja},
	journal={Communications of the Association for Information Systems},
	volume={24},
	number={1},
	pages={28},
	year={2009}
}


@article{harrison2013usability,
	title={Usability of mobile applications: literature review and rationale for a new usability model},
	author={Harrison, Rachel and Flood, Derek and Duce, David},
	journal={Journal of Interaction Science},
	volume={1},
	number={1},
	pages={1},
	year={2013},
	publisher={Springer Berlin Heidelberg}
}


@inproceedings{nielsen1994usability,
	title={Usability inspection methods},
	author={Nielsen, Jakob},
	booktitle={Conference companion on Human factors in computing systems},
	pages={413--414},
	year={1994},
	organization={ACM}
}

@book{nielsen1994,
	title={Usability engineering},
	author={Nielsen, Jakob},
	year={1994},
	publisher={Elsevier}
}

@inproceedings{host2007checklists,
	title={Checklists for software engineering case study research},
	author={Host, Martin and Runeson, Per},
	booktitle={Empirical Software Engineering and Measurement, 2007. ESEM 2007. First International Symposium on},
	pages={479--481},
	year={2007},
	organization={IEEE}
}

@book{runeson2012case,
	title={Case study research in software engineering: Guidelines and examples},
	author={Runeson, Per and Host, Martin and Rainer, Austen and Regnell, Bjorn},
	year={2012},
	publisher={John Wiley \& Sons}
}


@book{weiss2003handheld,
	title={Handheld usability},
	author={Weiss, Scott},
	year={2003},
	publisher={John Wiley \& Sons}
}



@article{Turing1936,
  title={On computable numbers, with an application to the Entscheidungsproblem},
  author={Turing, A. M.},
  journal={J. of Math},
  volume={58},
  pages={345--363},
  year={1936}
}

@article{Cass2000,
	author = {Cass, A. G. and Lerner, B. S. and McCall, E. K. and Osterweil, L. J. and Sutton, M. S. Jr. and Wise, A.},
	title = {Little-JIL/Juliette: A Process Definition Language and Interpreter},
	pages={754--757},
	journal = {ICSE},
	year = {2000}
}

@article{laser2006little,
	title={Little-JIL 1.5 Language Report},
	author={LASER Process Working Group and others},
	journal={Laboratory for Advanced Software Engineering Research, Dept. of Computer Science, Univ. of Massachusetts-Amherst, MA},
	year={2006}
}

@article{Dorn2015,
	author = {Dorn, C.},
	title = {Collaboration Pattern Modeling in Support of Norm Specification, Monitoring, and Preservation},
	date = {March 22–27, 2015},
	year = {2015}
}

@article{Dustdar04,
	year={2004},
	issn={0926-8782},
	journal={Distributed and Parallel Databases},
	volume={15},
	number={1},
	doi={10.1023/B:DAPD.0000009431.20250.56},
	title={Caramba—A Process-Aware Collaboration System Supporting Ad hoc and Collaborative Processes in Virtual Teams},
	url={http://dx.doi.org/10.1023/B%3ADAPD.0000009431.20250.56},
	publisher={Kluwer Academic Publishers},
	keywords={process-aware collaboration; Workflow; Groupware; virtual teams; Knowledge Logistics; interaction management},
	author={Dustdar, S.},
	pages={45-66},
	language={English}
}

@article{DitzeHenninger10,
	author = {Ditze, A. and Henninger, T.},
	title = {Methodological approach for business analysts with BPMN},
	journal = {Modeling Magazine Issue 5},
	year = {2010}
}

@incollection{DornTaylor2012,
	year={2012},
	isbn={978-3-642-35062-7},
	booktitle={Web Information Systems Engineering - WISE 2012},
	volume={7651},
	series={Lecture Notes in Computer Science},
	editor={Wang, X.Sean and Cruz, Isabel and Delis, Alex and Huang, Guangyan},
	doi={10.1007/978-3-642-35063-4_11},
	title={Architecture-Driven Modeling of Adaptive Collaboration Structures in Large-Scale Social Web Applications},
	url={http://dx.doi.org/10.1007/978-3-642-35063-4_11},
	publisher={Springer Berlin Heidelberg},
	keywords={Design Tools and Techniques; Collaboration Patterns; Adaptation Flexibility},
	author={Dorn, C. and Taylor, R.N.},
	pages={143-156},
	language={English}
}

@incollection{DornDustdarSchahramOsterweil14,
	year={2014},
	isbn={978-3-319-10171-2},
	booktitle={Business Process Management},
	volume={8659},
	series={Lecture Notes in Computer Science},
	editor={Sadiq, Shazia and Soffer, Pnina and Völzer, Hagen},
	doi={10.1007/978-3-319-10172-9_24},
	title={Specifying Flexible Human Behavior in Interaction-Intensive Process Environments},
	url={http://dx.doi.org/10.1007/978-3-319-10172-9_24},
	publisher={Springer International Publishing},
	author={Dorn, C. and Dustdar, S. and Osterweil, Leon J.},
	pages={366-373},
	language={English}
}

@incollection{SpringerInt2014,
	year={2014},
	isbn={978-3-319-06256-3},
	booktitle={Business Process Management Workshops},
	volume={171},
	series={Lecture Notes in Business Information Processing},
	editor={Lohmann, Niels and Song, Minseok and Wohed, Petia},
	doi={10.1007/978-3-319-06257-0_14},
	title={Activity-Centric and Artifact-Centric Process Model Roundtrip},
	url={http://dx.doi.org/10.1007/978-3-319-06257-0_14},
	publisher={Springer International Publishing},
	keywords={Process modeling; Activity-centric; Artifact-centric; Object life cycle; Model transformation},
	author={Meyer, A. and Weske, M.},
	pages={167-181},
	language={English}
}

@incollection{Brambilla12,
	year={2012},
	isbn={978-3-642-28107-5},
	booktitle={Business Process Management Workshops},
	volume={99},
	series={Lecture Notes in Business Information Processing},
	editor={Daniel, F. and Barkaoui, K. and Dustdar, S.},
	doi={10.1007/978-3-642-28108-2_22},
	title={BPMN and Design Patterns for Engineering Social BPM Solutions},
	url={http://dx.doi.org/10.1007/978-3-642-28108-2_22},
	publisher={Springer Berlin Heidelberg},
	keywords={Model-Driven Engineering; BPM; BPMN; Social Software; Design Patterns; Generative Development},
	author={Brambilla, M. and Fraternali, P. and Vaca, C.},
	pages={219-230},
	language={English}
}

@incollection{SungurDornDustdar15,
	year={2015},
	isbn={978-3-319-19889-7},
	booktitle={Engineering the Web in the Big Data Era},
	volume={9114},
	series={Lecture Notes in Computer Science},
	editor={Cimiano, Philipp and Frasincar, Flavius and Houben, Geert-Jan and Schwabe, Daniel},
	doi={10.1007/978-3-319-19890-3_16},
	title={Transforming Collaboration Structures into Deployable Informal Processes},
	url={http://dx.doi.org/10.1007/978-3-319-19890-3_16},
	publisher={Springer International Publishing},
	keywords={Informal process essentials; Human architecture description language; Wiki; Collaboration configuration; Transformation},
	author={Sungur, C. T. and Dorn, C. and Dustdar, S. and Leymann, F.},
	pages={231-250},
	language={English}
}

@inproceedings{Bernstein2000,
	author = {Bernstein, A.},
	title = {How Can Cooperative Work Tools Support Dynamic Group Process? Bridging the Specificity Frontier},
	booktitle = {Proceedings of the 2000 ACM Conference on Computer Supported Cooperative Work},
	series = {CSCW '00},
	year = {2000},
	isbn = {1-58113-222-0},
	location = {Philadelphia, Pennsylvania, USA},
	pages = {279--288},
	numpages = {10},
	url = {http://doi.acm.org/10.1145/358916.358999},
	doi = {10.1145/358916.358999},
	acmid = {358999},
	publisher = {ACM},
	address = {New York, NY, USA},
	keywords = {dynamic/improvisational change, mixed-initiative systems, process specificity, process support system}
} 

@inproceedings{Weske1998, 
	author={Weske, M.}, 
	booktitle={System Sciences, 1998., Proceedings of the Thirty-First Hawaii International Conference on}, 
	title={Flexible modeling and execution of workflow activities}, 
	year={1998}, 
	volume={7}, 
	pages={713-722 vol.7}, 
	keywords={graph theory;office automation;systems analysis;activity instance model;activity meta model;business domain;dynamic modifications;dynamically changing processes;flexible modeling;non traditional domains;prototypical implementation;user interventions;workflow activity execution;workflow executions;workflow management systems;Control systems;Electrical capacitance tomography;Flow graphs;Laboratories;Manufacturing;Prototypes;Workflow management software}, 
	doi={10.1109/HICSS.1998.649274}, 
	month={Jan}
}

@article{Dustdar2004,
	title={Caramba—a process-aware collaboration system supporting ad hoc and collaborative processes in virtual teams},
	author={Dustdar, Schahram},
	journal={Distributed and Parallel Databases},
	volume={15},
	number={1},
	pages={45--66},
	year={2004},
	publisher={Springer}
} 

@article{Moody2006,
	author = {Moody, P. and Gruen, D. and Muller, M. J. and Tang, J. and Moran, T. P.},
	title = {Business Activity Patterns: A New Model for Collaborative Business Applications},
	journal = {IBM Syst. J.},
	issue_date = {October 2006},
	volume = {45},
	number = {4},
	month = oct,
	year = {2006},
	issn = {0018-8670},
	pages = {683--694},
	numpages = {12},
	url = {http://dx.doi.org/10.1147/sj.454.0683},
	doi = {10.1147/sj.454.0683},
	acmid = {1232238},
	publisher = {IBM Corp.},
	address = {Riverton, NJ, USA},
} 

@article{white2004introduction,
	title={Introduction to BPMN},
	author={White, S. A.},
	journal={IBM Cooperation},
	volume={2},
	number={0},
	pages={0},
	year={2004}
}

@article{touzi2009model,
	title={A model-driven approach for collaborative service-oriented architecture design},
	author={Touzi, J. and Benaben, F. and Pingaud, H. and Lorr{\'e}, J. P.},
	journal={International Journal of Production Economics},
	volume={121},
	number={1},
	pages={5--20},
	year={2009},
	publisher={Elsevier}
}

@incollection{DataDrivenMueller,
	year={2007},
	isbn={978-3-540-76846-3},
	booktitle={On the Move to Meaningful Internet Systems 2007: CoopIS, DOA, ODBASE, GADA, and IS},
	volume={4803},
	series={Lecture Notes in Computer Science},
	editor={Meersman, R. and Tari, Z.},
	doi={10.1007/978-3-540-76848-7_10},
	title={Data-Driven Modeling and Coordination of Large Process Structures},
	url={http://dx.doi.org/10.1007/978-3-540-76848-7_10},
	publisher={Springer Berlin Heidelberg},
	author={Müller, D. and Reichert, M. and Herbst, J.},
	pages={131-149},
	language={English}
}

@article {PHILharmonicFlows,
	author = {Künzle, V. and Reichert, M.},
	title = {PHILharmonicFlows: towards a framework for object-aware process management},
	journal = {Journal of Software Maintenance and Evolution: Research and Practice},
	volume = {23},
	number = {4},
	publisher = {John Wiley & Sons, Ltd.},
	issn = {1532-0618},
	url = {http://dx.doi.org/10.1002/smr.524},
	doi = {10.1002/smr.524},
	pages = {205--244},
	keywords = {Process-aware Information Systems, Object-aware Process Management, Data-driven Process Execution},
	year = {2011},
}


@article{bhattacharya2009data,
	title={A data-centric design methodology for business processes},
	author={Bhattacharya, K. and Hull, R. and Su, J. and others},
	journal={Handbook of Research on Business Process Modeling},
	pages={503--531},
	year={2009},
	publisher={IGI-Global}
}

@article{hull2008artifact,
	title={Artifact-centric business process models: Brief survey of research results and challenges},
	author={Hull, R.},
	journal={On the Move to Meaningful Internet Systems: OTM 2008},
	pages={1152--1163},
	year={2008},
	publisher={Springer}
}

@misc{BEDL,
	author = {Nandi, P. and Koenig, D. and Moser, S. and Hull, R. and Klicnik, V. and Claussen, S. and Kloppman, M. and Vergo, J.},
	title={Data4BPM, part 1: Introducing business entities and the business entity definition language ({BEDL})},
	note = {(April 2010)},
	howpublished ={\url{http://ibm.co/1QTR0IH}},
}

@article{redding2010flexible,
	title={A flexible, object-centric approach for business process modelling},
	author={Redding, Guy and Dumas, Marlon and ter Hofstede, Arthur HM and Iordachescu, Adrian},
	journal={Service Oriented Computing and Applications},
	volume={4},
	number={3},
	pages={191--201},
	year={2010},
	publisher={Springer}
}

@inproceedings{Delegation,
	author = {Gaaloul, K. and Charoy, F. and Schaad, A.},
	title = {Modelling Task Delegation for Human-centric eGovernment Workflows},
	booktitle = {Proceedings of the 10th Annual International Conference on Digital Government Research: Social Networks: Making Connections Between Citizens, Data and Government},
	series = {dg.o '09},
	year = {2009},
	isbn = {978-1-60558-535-2},
	location = {Puebla, Mexico},
	pages = {79--87},
	numpages = {9},
	url = {http://dl.acm.org/citation.cfm?id=1556176.1556195},
	acmid = {1556195},
	publisher = {Digital Government Society of North America},
	keywords = {access control, delegation, eGovernment, task, workflow},
} 

@inproceedings{dorn2011supporting,
	title={Supporting dynamic, people-driven processes through self-learning of message flows},
	author={Dorn, C. and Dustdar, S.},
	booktitle={Advanced Information Systems Engineering},
	pages={657--671},
	year={2011},
	organization={Springer}
}

@incollection{dorn2011self,
	title={Self-learning predictor aggregation for the evolution of people-driven ad-hoc processes},
	author={Dorn, C. and Mar{\'\i}n, C. A. and Mehandjiev, N. and Dustdar, S.},
	booktitle={Business Process Management},
	pages={215--230},
	year={2011},
	publisher={Springer}
}

@article{abecker2000information,
	title={Information supply for business processes: coupling workflow with document analysis and information retrieval},
	author={Abecker, A. and Bernardi, A. and Maus, H. and Sintek, M. and Wenzel, C.},
	journal={Knowledge-based systems},
	volume={13},
	number={5},
	pages={271--284},
	year={2000},
	publisher={Elsevier}
}

@article{borger2012approaches,
	title={Approaches to modeling business processes: a critical analysis of BPMN, workflow patterns and YAWL},
	author={B{\"o}rger, Egon},
	journal={Software \& Systems Modeling},
	volume={11},
	number={3},
	pages={305--318},
	year={2012},
	publisher={Springer}
}

@article{kuo2004document,
	title={A document-driven agent-based approach for business processes management},
	author={Kuo, J-Y.},
	journal={Information and Software Technology},
	volume={46},
	number={6},
	pages={373--382},
	year={2004},
	publisher={Elsevier}
}

@incollection{wang2005framework,
	title={A framework for document-driven workflow systems},
	author={Wang, J. and Kumar, A.},
	booktitle={Business Process Management},
	pages={285--301},
	year={2005},
	publisher={Springer}
}

@book{malone2003organizing,
	title={Organizing business knowledge: the MIT process handbook},
	author={Malone, T. W. and Crowston, K. and Herman, G. A.},
	year={2003},
	publisher={MIT press}
}

@article{ings2010ws,
	title={Ws-BPEL extension for people (BPEL4People) specification version 1.1},
	author={Ings, D. and Cl{\'e}ment, L. and K{\"o}nig, D. and Mehta, V. and Mueller, R. and Rangaswamy, R. and Rowley, M. and Trickovic, I.},
	journal={OASIS Committee Specification (August 2010)},
	year={2010}
}

@article{ings2010web,
	title={Web Services--Human Task (WS-HumanTask) Specification Version 1.1},
	author={Ings, D and others},
	journal={OASIS Committee Specification (August 2010)}
}

@incollection{la2008beyond,
	title={Beyond control-flow: Extending business process configuration to roles and objects},
	author={La Rosa, M. and Dumas, M. and ter Hofstede, A. and Mendling, J. and Gottschalk, F.},
	booktitle={Conceptual Modeling-ER 2008},
	pages={199--215},
	year={2008},
	publisher={Springer}
}

@inproceedings{liptchinsky2012novel,
	title={A novel approach to modeling context-aware and social collaboration processes},
	author={Liptchinsky, V. and Khazankin, R. and Truong, H.-L. and Dustdar, S.},
	booktitle={Advanced Information Systems Engineering},
	pages={565--580},
	year={2012},
	organization={Springer}
}

@book{fleischmann2012subject,
	title={Subject-oriented business process management},
	author={Fleischmann, A. and Schmidt, W. and Stary, C. and Obermeier, S. and Brger, E.},
	year={2012},
	publisher={Springer Publishing Company, Incorporated}
}

@inproceedings{dengler2011social,
	title={Social software for coordination of collaborative process activities},
	author={Dengler, F. and Koschmider, A. and Oberweis, A. and Zhang, H.},
	booktitle={Business Process Management Workshops},
	pages={396--407},
	year={2011},
	organization={Springer}
}

@article{erol2010combining,
	title={Combining BPM and social software: contradiction or chance?},
	author={Erol, S. and Granitzer, M. and Happ, S. and Jantunen, S. and Jennings, B. and Johannesson, P. and Koschmider, A. and Nurcan, S. and Rossi, D. and Schmidt, R.},
	journal={Journal of software maintenance and evolution: research and practice},
	volume={22},
	number={6-7},
	pages={449--476},
	year={2010},
	publisher={Wiley Online Library}
}

@article{fraternali2011model,
	title={A model-driven approach to social BPM applications},
	author={Fraternali, P. and Brambilla, M. and Vaca, C.},
	journal={Social BPM. Future Strategies Inc.(May 2011)},
	year={2011}
}

@inproceedings{grunert2014obpm,
	title={oBPM--An Opportunistic Approach to Business Process Modeling and Execution},
	author={Gr{\"u}nert, David and Brucker-Kley, Elke and Keller, Thomas},
	booktitle={Business Process Management Workshops},
	pages={463--474},
	year={2014},
	organization={Springer}
}

@misc{camundaUser,
	author = {camunda services GmbH},
	title = {User Task},
	date = {September 11, 2013},
	howpublished = {\url{https://docs.camunda.org/manual/7.4/reference/bpmn20/tasks/user-task/}},
	note = {Accessed: 01-03-2016},
}

@misc{camunda,
	author = {Peter Hilton},
	title = {camunda developer-friendly BPM},
	date = {January 22, 2015},
	howpublished = {\url{http://camunda.com/bpm/features/}},
	note = {Accessed: 01-03-2016},
}


@misc{swdp,
	author = {Turner, M. and White, S. A.},
	title = {Software Development Process},
	date = {February, 2010},
	howpublished = {\url{http://sce.uhcl.edu/whiteta/sdp/softwareDevelopmentProcess.html}},
	note = {Accessed: 01-04-2016},
}


